

% l

@article{Lamport78,

author = {Leslie Lamport},
title = {Time, clocks, and the ordering of events in a distributed system},
journal = {Commun. ACM},
volume = {21},
number = {7},
year = {1978},
issn = {0001-0782},
pages = {558--565},
doi = {http://doi.acm.org/10.1145/359545.359563 },
publisher = {ACM},
address = {New York, NY, USA},
}
